@inbook{Baars2021,
  author    = {Baars, Henning
               and Kemper, Hans-Georg},
  title     = {Informationsbereitstellung},
  booktitle = {Business Intelligence {\&} Analytics -- Grundlagen und praktische Anwendungen: Ans{\"a}tze der IT-basierten Entscheidungsunterst{\"u}tzung},
  year      = {2021},
  publisher = {Springer Fachmedien Wiesbaden},
  address   = {Wiesbaden},
  pages     = {287--321},
  abstract  = {Im folgenden Kapitel werden Konzepte vorgestellt, die darauf ausgelegt sind, die Funktionen aus der Informationsgenerierungsschicht sowie die von diesen generierten Ergebnisse und Modelle aufzubereiten und unterschiedlichen Zielgruppen zug{\"a}nglich zu machen. Dies umfasst Fragen der Informationsvisualisierung und -pr{\"a}sentation, der Informationsdistribution und die Kanalisierung des Informationszugriffs (Abb. 4.1).},
  isbn      = {978-3-8348-2344-1},
  doi       = {10.1007/978-3-8348-2344-1_4},
  url       = {https://doi.org/10.1007/978-3-8348-2344-1_4}
}

@article{Clark.2021,
  title    = {Compensating for academic loss: Online learning and student performance during the COVID-19 pandemic},
  journal  = {China Economic Review},
  volume   = {68},
  pages    = {101629},
  year     = {2021},
  issn     = {1043-951X},
  doi      = {10.1016/j.chieco.2021.101629},
  url      = {https://www.sciencedirect.com/science/article/pii/S1043951X2100047X},
  author   = {Andrew E. Clark and Huifu Nong and Hongjia Zhu and Rong Zhu},
  keywords = {COVID-19 pandemic, Online education, Student performance, Teacher quality}
}

@inproceedings{Cortez2008UsingDM,
  title  = {Using data mining to predict secondary school student performance},
  author = {P. Cortez and A. M. Gonçalves Silva},
  year   = {2008},
  url    = {https://api.semanticscholar.org/CorpusID:16621299}
}

@article{Gamazo.2020,
  author  = {Gamazo, Adriana  and Martínez-Abad, Fernando },
  title   = {An Exploration of Factors Linked to Academic Performance in PISA 2018 Through Data Mining Techniques},
  journal = {Frontiers in Psychology},
  volume  = {11},
  year    = {2020},
  url     = {https://www.frontiersin.org/journals/psychology/articles/10.3389/fpsyg.2020.575167},
  doi     = {10.3389/fpsyg.2020.575167},
  issn    = {1664-1078}
}

@article{Khan.2021,
  author  = {Khan, Anupam and Ghosh, Soumya K.},
  year    = {2021},
  title   = {Student performance analysis and prediction in classroom learning: A review of educational data mining studies},
  pages   = {205--240},
  volume  = {26},
  number  = {1},
  issn    = {1360-2357},
  journal = {Education and Information Technologies},
  doi     = {10.1007/s10639-020-10230-3},
  file    = {Student performance analysis and prediction in classroom:Attachments/Student performance analysis and prediction in classroom.pdf:application/pdf}
}


@article{Namoun.2021,
  author         = {Namoun, Abdallah and Alshanqiti, Abdullah},
  title          = {Predicting Student Performance Using Data Mining and Learning Analytics Techniques: A Systematic Literature Review},
  journal        = {Applied Sciences},
  volume         = {11},
  year           = {2021},
  number         = {1},
  article-number = {237},
  url            = {https://www.mdpi.com/2076-3417/11/1/237},
  issn           = {2076-3417},
  doi            = {10.3390/app11010237}
}

@article{P.Bachhal.2021,
  author  = {{P. Bachhal} and {S. Ahuja} and {S. Gargrish}},
  year    = {2021},
  title   = {Educational Data Mining: A Review},
  url     = {https://iopscience.iop.org/article/10.1088/1742-6596/1950/1/012022/meta},
  pages   = {012022},
  volume  = {1950},
  number  = {1},
  issn    = {1742-6596},
  journal = {Journal of Physics: Conference Series},
  doi     = {10.1088/1742-6596/1950/1/012022},
  file    = {Bachhal_2021_J._Phys. _Conf._Ser._1950_012022:Attachments/Bachhal_2021_J._Phys. _Conf._Ser._1950_012022.pdf:application/pdf}
}


@article{Qin.2020,
  author  = {Qin, Xuedi and Luo, Yuyu and Tang, Nan and Li, Guoliang},
  year    = {2020},
  title   = {Making data visualization more efficient and effective: a survey},
  pages   = {93--117},
  volume  = {29},
  number  = {1},
  issn    = {1066-8888},
  journal = {The VLDB Journal},
  doi     = {10.1007/s00778-019-00588-3},
  file    = {Making data visualization more efficient and effective a:Attachments/Making data visualization more efficient and effective a.pdf:application/pdf}
}

@misc{student_performance,
  author       = {Cortez,Paulo},
  title        = {{Student Performance}},
  year         = {2014},
  howpublished = {UCI Machine Learning Repository},
  note         = {{DOI}: https://doi.org/10.24432/C5TG7T},
  url          = {https://archive.ics.uci.edu/dataset/320/student+performance},
  urldate      = {2/22/2024}
}
@misc{Wikipedia.2024,
  editor  = {Wikipedia},
  year    = {2024},
  title   = {National colours of Portugal},
  url     = {https://en.wikipedia.org/w/index.php?title=National_colours_of_Portugal&oldid=1205129773},
  urldate = {20/03/2024},
  file    = {National colours of Portugal:Attachments/National colours of Portugal.pdf:application/pdf}
}