@inproceedings{Cortez2008UsingDM,
  title={Using data mining to predict secondary school student performance},
  author={P. Cortez and A. M. Gon√ßalves Silva},
  year={2008},
  url={https://api.semanticscholar.org/CorpusID:16621299}
}

@Article{Namoun.2021,
  AUTHOR = {Namoun, Abdallah and Alshanqiti, Abdullah},
  TITLE = {Predicting Student Performance Using Data Mining and Learning Analytics Techniques: A Systematic Literature Review},
  JOURNAL = {Applied Sciences},
  VOLUME = {11},
  YEAR = {2021},
  NUMBER = {1},
  ARTICLE-NUMBER = {237},
  URL = {https://www.mdpi.com/2076-3417/11/1/237},
  ISSN = {2076-3417},
  DOI = {10.3390/app11010237}
}

@article{Clark.2021,
  title = {Compensating for academic loss: Online learning and student performance during the COVID-19 pandemic},
  journal = {China Economic Review},
  volume = {68},
  pages = {101629},
  year = {2021},
  issn = {1043-951X},
  doi = {10.1016/j.chieco.2021.101629},
  url = {https://www.sciencedirect.com/science/article/pii/S1043951X2100047X},
  author = {Andrew E. Clark and Huifu Nong and Hongjia Zhu and Rong Zhu},
  keywords = {COVID-19 pandemic, Online education, Student performance, Teacher quality}
}